
@book{AESbook,
	author    = {Joan Daemen and Vincent Rijmen},
	title     = {The Design of {Rijndael}: {AES} -- The {Advanced Encryption Standard}},
	series    = {Information Security and Cryptography},
	publisher = {Springer},
	year      = {2002},
	doi       = {10.1007/978-3-662-04722-4},
	isbn      = {3-540-42580-2}
}

@article{bstjShannon49,
	author    = {Claude E. Shannon},
	title     = {Communication Theory of Secrecy Systems},
	journal   = {Bell System Technical Journal},
	volume    = {28},
	number    = {4},
	pages     = {656--715},
	publisher = {Alcatel-Lucent},
	year      = {1949},
	doi       = {10.1002/j.1538-7305.1949.tb00928.x}
}

@article{Chillotti2020,
	author        = {Chillotti, I. and Gama, N. and Georgieva, M. and Izabach√®ne, M.},
	title         = {TFHE: Fast Fully Homomorphic Encryption Over the Torus},
	journal       = {Journal of Cryptology},
	year          = {2020},
	volume        = {33},
	number        = {1},
	pages         = {34-91},
	doi           = {10.1007/s00145-019-09319-x},
	note          = {cited By 35},
	url           = {https://www.scopus.com/inward/record.uri?eid=2-s2.0-85065170477&doi=10.1007%2fs00145-019-09319-x&partnerID=40&md5=ab7695c6215740207ac2651c7a7edebb},
	document_type = {Article},
	source        = {Scopus}
}
